<record><leader>00000cas a22000007a 4500</leader><controlfield tag="001">9328143</controlfield><controlfield tag="008">830321c19819999nyuwr ne      0   a0eng d</controlfield><controlfield tag="009">467</controlfield><datafield ind1=" " ind2=" " tag="010"><subfield code="a">sn 83000534 </subfield></datafield><datafield ind1=" " ind2=" " tag="040"><subfield code="a">NSD</subfield><subfield code="b">eng</subfield><subfield code="c">NSD</subfield><subfield code="d">NYS</subfield><subfield code="d">NSD</subfield><subfield code="d">NYS</subfield><subfield code="d">OCLCQ</subfield></datafield><datafield ind1=" " ind2=" " tag="012"><subfield code="m">y</subfield></datafield><datafield ind1="1" ind2=" " tag="022"><subfield code="a">0745-628X</subfield><subfield code="l">0745-628X</subfield><subfield code="y">0755-062X</subfield><subfield code="2">1</subfield></datafield><datafield ind1="1" ind2=" " tag="029"><subfield code="a">AU@</subfield><subfield code="b">000025800656</subfield></datafield><datafield ind1=" " ind2=" " tag="032"><subfield code="a">692950</subfield><subfield code="b">USPS</subfield></datafield><datafield ind1=" " ind2=" " tag="042"><subfield code="a">nsdp</subfield></datafield><datafield ind1=" " ind2="0" tag="222"><subfield code="a">North Country gazette</subfield></datafield><datafield ind1="0" ind2="0" tag="245"><subfield code="a">North Country gazette.</subfield></datafield><datafield ind1="1" ind2="7" tag="246"><subfield code="a">Gazette</subfield></datafield><datafield ind1=" " ind2=" " tag="260"><subfield code="a">Chestertown, N.Y. :</subfield><subfield code="b">J. Maxam</subfield></datafield><datafield ind1=" " ind2=" " tag="300"><subfield code="a">v.</subfield></datafield><datafield ind1=" " ind2=" " tag="310"><subfield code="a">Weekly</subfield></datafield><datafield ind1="0" ind2=" " tag="362"><subfield code="a">Vol. 1, no. 1 (June 1, 1981)-</subfield></datafield><datafield ind1=" " ind2=" " tag="500"><subfield code="a">Serving northern Warren County.</subfield></datafield><datafield ind1=" " ind2=" " tag="515"><subfield code="a">Vol. 2, no. 26 called also issue 78.</subfield></datafield><datafield ind1=" " ind2="4" tag="651"><subfield code="a">Chestertown (N.Y.)</subfield><subfield code="v">Newspapers.</subfield></datafield><datafield ind1=" " ind2=" " tag="752"><subfield code="a">United States</subfield><subfield code="b">New York</subfield><subfield code="c">Warren</subfield><subfield code="d">Chestertown.</subfield></datafield></record>